<record><leader>00000cas a22000007a 4500</leader><controlfield tag="001">27773469</controlfield><controlfield tag="008">930322d189u1965ncucr ne      0    0eng d</controlfield><datafield ind1=" " ind2=" " tag="010"><subfield code="a">sn 93065776 </subfield></datafield><datafield ind1=" " ind2=" " tag="040"><subfield code="a">NVJ</subfield><subfield code="b">eng</subfield><subfield code="c">NVJ</subfield><subfield code="d">OCLCQ</subfield><subfield code="d">OCLCF</subfield><subfield code="d">OCLCO</subfield></datafield><datafield ind1=" " ind2=" " tag="042"><subfield code="a">msc</subfield></datafield><datafield ind1=" " ind2=" " tag="043"><subfield code="a">n-us-nc</subfield></datafield><datafield ind1="0" ind2=" " tag="130"><subfield code="a">Monroe enquirer (Monroe, N.C. : 1894)</subfield></datafield><datafield ind1="1" ind2="4" tag="245"><subfield code="a">The Monroe enquirer.</subfield></datafield><datafield ind1=" " ind2=" " tag="260"><subfield code="a">Monroe, N.C. :</subfield><subfield code="b">B. Clegg Ashcraft &amp; Eugene Ashcraft</subfield></datafield><datafield ind1=" " ind2=" " tag="300"><subfield code="a">v.</subfield></datafield><datafield ind1=" " ind2=" " tag="310"><subfield code="a">Semiweekly,</subfield><subfield code="b">&lt;May 23, 1921&gt;-Nov. 18, 1965</subfield></datafield><datafield ind1=" " ind2=" " tag="321"><subfield code="a">Weekly,</subfield><subfield code="b">&lt;Nov. 15, 1894-July 12, 1917&gt;</subfield></datafield><datafield ind1="0" ind2=" " tag="362"><subfield code="a">-93rd yr., no. 51 (Nov. 18, 1965).</subfield></datafield><datafield ind1=" " ind2=" " tag="515"><subfield code="a">Issues for &lt;June 1, 1916&gt;-Nov. 18, 1965 called &lt;43rd yr.&gt;-93rd yr.</subfield></datafield><datafield ind1=" " ind2=" " tag="588"><subfield code="a">Description based on: Vol. 21, no. (Nov. 15, 1894).</subfield></datafield><datafield ind1=" " ind2="0" tag="651"><subfield code="a">Monroe (N.C.)</subfield><subfield code="v">Newspapers.</subfield></datafield><datafield ind1=" " ind2="0" tag="651"><subfield code="a">Union County (N.C.)</subfield><subfield code="v">Newspapers.</subfield></datafield><datafield ind1=" " ind2="7" tag="655"><subfield code="a">Newspapers.</subfield><subfield code="2">fast</subfield><subfield code="0">(OCoLC)fst01423814</subfield></datafield><datafield ind1=" " ind2="7" tag="651"><subfield code="a">North Carolina</subfield><subfield code="z">Monroe.</subfield><subfield code="2">fast</subfield><subfield code="0">(OCoLC)fst01220225</subfield></datafield><datafield ind1=" " ind2="7" tag="651"><subfield code="a">North Carolina</subfield><subfield code="z">Union County.</subfield><subfield code="2">fast</subfield><subfield code="0">(OCoLC)fst01209727</subfield></datafield><datafield ind1=" " ind2=" " tag="752"><subfield code="a">United States</subfield><subfield code="b">North Carolina</subfield><subfield code="c">Union</subfield><subfield code="d">Monroe.</subfield></datafield><datafield ind1="0" ind2="0" tag="780"><subfield code="t">Monroe enquirer-register</subfield><subfield code="w">(DLC)sn 99061522</subfield></datafield><datafield ind1="0" ind2="7" tag="785"><subfield code="t">Monroe journal (Monroe, N.C.)</subfield><subfield code="w">(DLC)sn 91068476</subfield></datafield><datafield ind1="0" ind2="7" tag="785"><subfield code="t">Monroe enquirer-journal</subfield><subfield code="w">(DLC)sn 94058213</subfield></datafield></record>